@article{panda2009planet,
  title={Planet: massively parallel learning of tree ensembles with mapreduce},
  author={Panda, Biswanath and Herbach, Joshua S and Basu, Sugato and Bayardo, Roberto J},
  year={2009}
}
@book{rokach2008data,
  title={Data mining with decision trees: theory and applications},
  author={Rokach, Lior and Maimon, Oded Z},
  volume={69},
  year={2008},
  publisher={World scientific}
}