@inproceedings{mnih2008probabilistic,
  title={Probabilistic matrix factorization},
  author={Mnih, Andriy and Salakhutdinov, Russ R},
  booktitle={Advances in neural information processing systems},
  pages={1257--1264},
  year={2008}
}
@inproceedings{van2013deep,
  title={Deep content-based music recommendation},
  author={Van den Oord, Aaron and Dieleman, Sander and Schrauwen, Benjamin},
  booktitle={Advances in neural information processing systems},
  pages={2643--2651},
  year={2013}
}
@article{lerer2019pytorch,
  title={Pytorch-biggraph: A large-scale graph embedding system},
  author={Lerer, Adam and Wu, Ledell and Shen, Jiajun and Lacroix, Timothee and Wehrstedt, Luca and Bose, Abhijit and Peysakhovich, Alex},
  journal={arXiv preprint arXiv:1903.12287},
  year={2019}
}
@inproceedings{he2017neural,
  title={Neural collaborative filtering},
  author={He, Xiangnan and Liao, Lizi and Zhang, Hanwang and Nie, Liqiang and Hu, Xia and Chua, Tat-Seng},
  booktitle={Proceedings of the 26th international conference on world wide web},
  pages={173--182},
  year={2017}
}
@inproceedings{gemulla2011large,
  title={Large-scale matrix factorization with distributed stochastic gradient descent},
  author={Gemulla, Rainer and Nijkamp, Erik and Haas, Peter J and Sismanis, Yannis},
  booktitle={Proceedings of the 17th ACM SIGKDD international conference on Knowledge discovery and data mining},
  pages={69--77},
  year={2011}
}
@inproceedings{he2016fast,
  title={Fast matrix factorization for online recommendation with implicit feedback},
  author={He, Xiangnan and Zhang, Hanwang and Kan, Min-Yen and Chua, Tat-Seng},
  booktitle={Proceedings of the 39th International ACM SIGIR conference on Research and Development in Information Retrieval},
  pages={549--558},
  year={2016}
}
@inproceedings{hu2008collaborative,
  title={Collaborative filtering for implicit feedback datasets},
  author={Hu, Yifan and Koren, Yehuda and Volinsky, Chris},
  booktitle={2008 Eighth IEEE International Conference on Data Mining},
  pages={263--272},
  year={2008},
  organization={Ieee}
}
@inproceedings{barkan2019cb2cf,
  title={CB2CF: a neural multiview content-to-collaborative filtering model for completely cold item recommendations},
  author={Barkan, Oren and Koenigstein, Noam and Yogev, Eylon and Katz, Ori},
  booktitle={Proceedings of the 13th ACM Conference on Recommender Systems},
  pages={228--236},
  year={2019}
}
@article{rendle2012bpr,
  title={BPR: Bayesian personalized ranking from implicit feedback},
  author={Rendle, Steffen and Freudenthaler, Christoph and Gantner, Zeno and Schmidt-Thieme, Lars},
  journal={arXiv preprint arXiv:1205.2618},
  year={2012}
}
@inproceedings{weston2011wsabie,
  title={Wsabie: Scaling up to large vocabulary image annotation},
  author={Weston, Jason and Bengio, Samy and Usunier, Nicolas},
  booktitle={Twenty-Second International Joint Conference on Artificial Intelligence},
  year={2011}
}
@inproceedings{zhu2019graphvite,
  title={Graphvite: A high-performance cpu-gpu hybrid system for node embedding},
  author={Zhu, Zhaocheng and Xu, Shizhen and Tang, Jian and Qu, Meng},
  booktitle={The World Wide Web Conference},
  pages={2494--2504},
  year={2019}
}
@incollection{ricci2011introduction,
  title={Introduction to recommender systems handbook},
  author={Ricci, Francesco and Rokach, Lior and Shapira, Bracha},
  booktitle={Recommender systems handbook},
  pages={1--35},
  year={2011},
  publisher={Springer}
}
@article{berg2017graph,
  title={Graph convolutional matrix completion},
  author={Berg, Rianne van den and Kipf, Thomas N and Welling, Max},
  journal={arXiv preprint arXiv:1706.02263},
  year={2017}
}
@inproceedings{perozzi2014deepwalk,
  title={Deepwalk: Online learning of social representations},
  author={Perozzi, Bryan and Al-Rfou, Rami and Skiena, Steven},
  booktitle={Proceedings of the 20th ACM SIGKDD international conference on Knowledge discovery and data mining},
  pages={701--710},
  year={2014}
}
@inproceedings{grover2016node2vec,
  title={node2vec: Scalable feature learning for networks},
  author={Grover, Aditya and Leskovec, Jure},
  booktitle={Proceedings of the 22nd ACM SIGKDD international conference on Knowledge discovery and data mining},
  pages={855--864},
  year={2016}
}
@inproceedings{dong2017metapath2vec,
  title={metapath2vec: Scalable representation learning for heterogeneous networks},
  author={Dong, Yuxiao and Chawla, Nitesh V and Swami, Ananthram},
  booktitle={Proceedings of the 23rd ACM SIGKDD international conference on knowledge discovery and data mining},
  pages={135--144},
  year={2017}
}
@inproceedings{fu2017hin2vec,
  title={Hin2vec: Explore meta-paths in heterogeneous information networks for representation learning},
  author={Fu, Tao-yang and Lee, Wang-Chien and Lei, Zhen},
  booktitle={Proceedings of the 2017 ACM on Conference on Information and Knowledge Management},
  pages={1797--1806},
  year={2017}
}
@inproceedings{sun2019bert4rec,
  title={BERT4Rec: Sequential recommendation with bidirectional encoder representations from transformer},
  author={Sun, Fei and Liu, Jun and Wu, Jian and Pei, Changhua and Lin, Xiao and Ou, Wenwu and Jiang, Peng},
  booktitle={Proceedings of the 28th ACM International Conference on Information and Knowledge Management},
  pages={1441--1450},
  year={2019}
}
@inproceedings{tan2016improved,
  title={Improved recurrent neural networks for session-based recommendations},
  author={Tan, Yong Kiam and Xu, Xinxing and Liu, Yong},
  booktitle={Proceedings of the 1st Workshop on Deep Learning for Recommender Systems},
  pages={17--22},
  year={2016}
}
@inproceedings{ludewig2019performance,
  title={Performance comparison of neural and non-neural approaches to session-based recommendation},
  author={Ludewig, Malte and Mauro, Noemi and Latifi, Sara and Jannach, Dietmar},
  booktitle={Proceedings of the 13th ACM Conference on Recommender Systems},
  pages={462--466},
  year={2019}
}
@inproceedings{rendle2010factorization,
  title={Factorization machines},
  author={Rendle, Steffen},
  booktitle={2010 IEEE International Conference on Data Mining},
  pages={995--1000},
  year={2010},
  organization={IEEE}
}