@article{li2019approximate,
  title={Approximate nearest neighbor search on high dimensional data-experiments, analyses, and improvement},
  author={Li, Wen and Zhang, Ying and Sun, Yifang and Wang, Wei and Li, Mingjie and Zhang, Wenjie and Lin, Xuemin},
  journal={IEEE Transactions on Knowledge and Data Engineering},
  year={2019},
  publisher={IEEE}
}
@article{malkov2014approximate,
  title={Approximate nearest neighbor algorithm based on navigable small world graphs},
  author={Malkov, Yury and Ponomarenko, Alexander and Logvinov, Andrey and Krylov, Vladimir},
  journal={Information Systems},
  volume={45},
  pages={61--68},
  year={2014},
  publisher={Elsevier}
}
@article{malkov2018efficient,
  title={Efficient and robust approximate nearest neighbor search using hierarchical navigable small world graphs},
  author={Malkov, Yury A and Yashunin, Dmitry A},
  journal={IEEE transactions on pattern analysis and machine intelligence},
  year={2018},
  publisher={IEEE}
}
@book{leskovec2020mining,
  title={Mining of massive data sets},
  author={Leskovec, Jure and Rajaraman, Anand and Ullman, Jeffrey David},
  year={2020},
  publisher={Cambridge university press}
}
@article{kushilevitz2000efficient,
  title={Efficient search for approximate nearest neighbor in high dimensional spaces},
  author={Kushilevitz, Eyal and Ostrovsky, Rafail and Rabani, Yuval},
  journal={SIAM Journal on Computing},
  volume={30},
  number={2},
  pages={457--474},
  year={2000},
  publisher={SIAM}
}
@misc{bernhardsson2015annoy,
  title = {{Annoy}},
  author={Bernhardsson, Erik},
  year={2015},
  howpublished = "\url{https://bit.ly/2YsuEb1}"
}
@article{bhatia2010survey,
  title={Survey of nearest neighbor techniques},
  author={Bhatia, Nitin and others},
  journal={arXiv preprint arXiv:1007.0085},
  year={2010}
}
@article{wang2014hashing,
  title={Hashing for similarity search: A survey},
  author={Wang, Jingdong and Shen, Heng Tao and Song, Jingkuan and Ji, Jianqiu},
  journal={arXiv preprint arXiv:1408.2927},
  year={2014}
}
@inproceedings{andoni2006near,
  title={Near-optimal hashing algorithms for approximate nearest neighbor in high dimensions},
  author={Andoni, Alexandr and Indyk, Piotr},
  booktitle={2006 47th annual IEEE symposium on foundations of computer science (FOCS'06)},
  pages={459--468},
  year={2006},
  organization={IEEE}
}
@article{wang2017survey,
  title={A survey on learning to hash},
  author={Wang, Jingdong and Zhang, Ting and Sebe, Nicu and Shen, Heng Tao and others},
  journal={IEEE transactions on pattern analysis and machine intelligence},
  volume={40},
  number={4},
  pages={769--790},
  year={2017},
  publisher={IEEE}
}
@inproceedings{liu2016deep,
  title={Deep supervised hashing for fast image retrieval},
  author={Liu, Haomiao and Wang, Ruiping and Shan, Shiguang and Chen, Xilin},
  booktitle={Proceedings of the IEEE conference on computer vision and pattern recognition},
  pages={2064--2072},
  year={2016}
}
@article{johnson2019billion,
  title={Billion-scale similarity search with GPUs},
  author={Johnson, Jeff and Douze, Matthijs and J{\'e}gou, Herv{\'e}},
  journal={IEEE Transactions on Big Data},
  year={2019},
  publisher={IEEE}
}