@book{hutter2019automated,
  title={Automated Machine Learning},
  author={Hutter, Frank and Kotthoff, Lars and Vanschoren, Joaquin},
  year={2019},
  publisher={Springer}
}
@article{brochu2010tutorial,
  title={A tutorial on Bayesian optimization of expensive cost functions, with application to active user modeling and hierarchical reinforcement learning},
  author={Brochu, Eric and Cora, Vlad M and De Freitas, Nando},
  journal={arXiv preprint arXiv:1012.2599},
  year={2010}
}
@inproceedings{bergstra2011algorithms,
  title={Algorithms for hyper-parameter optimization},
  author={Bergstra, James S and Bardenet, R{\'e}mi and Bengio, Yoshua and K{\'e}gl, Bal{\'a}zs},
  booktitle={Advances in neural information processing systems},
  pages={2546--2554},
  year={2011}
}
@article{li2017hyperband,
  title={Hyperband: A novel bandit-based approach to hyperparameter optimization},
  author={Li, Lisha and Jamieson, Kevin and DeSalvo, Giulia and Rostamizadeh, Afshin and Talwalkar, Ameet},
  journal={The Journal of Machine Learning Research},
  volume={18},
  number={1},
  pages={6765--6816},
  year={2017},
  publisher={JMLR. org}
}
@inproceedings{rasmussen2003gaussian,
  title={Gaussian processes in machine learning},
  author={Rasmussen, Carl Edward},
  booktitle={Summer School on Machine Learning},
  pages={63--71},
  year={2003},
  organization={Springer}
}
@article{shahriari2015taking,
  title={Taking the human out of the loop: A review of Bayesian optimization},
  author={Shahriari, Bobak and Swersky, Kevin and Wang, Ziyu and Adams, Ryan P and De Freitas, Nando},
  journal={Proceedings of the IEEE},
  volume={104},
  number={1},
  pages={148--175},
  year={2015},
  publisher={IEEE}
}
@article{bergstra2012random,
  title={Random search for hyper-parameter optimization},
  author={Bergstra, James and Bengio, Yoshua},
  journal={Journal of machine learning research},
  volume={13},
  number={Feb},
  pages={281--305},
  year={2012}
}
@inproceedings{swersky2013multi,
  title={Multi-task bayesian optimization},
  author={Swersky, Kevin and Snoek, Jasper and Adams, Ryan P},
  booktitle={Advances in neural information processing systems},
  pages={2004--2012},
  year={2013}
}
@inproceedings{domhan2015speeding,
  title={Speeding up automatic hyperparameter optimization of deep neural networks by extrapolation of learning curves},
  author={Domhan, Tobias and Springenberg, Jost Tobias and Hutter, Frank},
  booktitle={Twenty-Fourth International Joint Conference on Artificial Intelligence},
  year={2015}
}
@article{bergstra2013making,
  title={Making a science of model search: Hyperparameter optimization in hundreds of dimensions for vision architectures},
  author={Bergstra, James and Yamins, Daniel and Cox, David Daniel},
  year={2013},
  publisher={Jmlr}
}
@article{liaw2018tune,
  title={Tune: A research platform for distributed model selection and training},
  author={Liaw, Richard and Liang, Eric and Nishihara, Robert and Moritz, Philipp and Gonzalez, Joseph E and Stoica, Ion},
  journal={arXiv preprint arXiv:1807.05118},
  year={2018}
}
@inproceedings{akiba2019optuna,
  title={Optuna: A next-generation hyperparameter optimization framework},
  author={Akiba, Takuya and Sano, Shotaro and Yanase, Toshihiko and Ohta, Takeru and Koyama, Masanori},
  booktitle={Proceedings of the 25th ACM SIGKDD International Conference on Knowledge Discovery \& Data Mining},
  pages={2623--2631},
  year={2019}
}
@inproceedings{snoek2012practical,
  title={Practical bayesian optimization of machine learning algorithms},
  author={Snoek, Jasper and Larochelle, Hugo and Adams, Ryan P},
  booktitle={Advances in neural information processing systems},
  pages={2951--2959},
  year={2012}
}