@inproceedings{zinkevich2010parallelized,
  title={Parallelized stochastic gradient descent},
  author={Zinkevich, Martin and Weimer, Markus and Li, Lihong and Smola, Alex J},
  booktitle={Advances in neural information processing systems},
  pages={2595--2603},
  year={2010}
}
@inproceedings{dean2012large,
  title={Large scale distributed deep networks},
  author={Dean, Jeffrey and Corrado, Greg and Monga, Rajat and Chen, Kai and Devin, Matthieu and Mao, Mark and Ranzato, Marc'aurelio and Senior, Andrew and Tucker, Paul and Yang, Ke and others},
  booktitle={Advances in neural information processing systems},
  pages={1223--1231},
  year={2012}
}
@article{meng2016mllib,
  title={Mllib: Machine learning in apache spark},
  author={Meng, Xiangrui and Bradley, Joseph and Yavuz, Burak and Sparks, Evan and Venkataraman, Shivaram and Liu, Davies and Freeman, Jeremy and Tsai, DB and Amde, Manish and Owen, Sean and others},
  journal={The Journal of Machine Learning Research},
  volume={17},
  number={1},
  pages={1235--1241},
  year={2016},
  publisher={JMLR. org}
}
@inproceedings{chu2007map,
  title={Map-reduce for machine learning on multicore},
  author={Chu, Cheng-Tao and Kim, Sang K and Lin, Yi-An and Yu, YuanYuan and Bradski, Gary and Olukotun, Kunle and Ng, Andrew Y},
  booktitle={Advances in neural information processing systems},
  pages={281--288},
  year={2007}
}
@article{verbraeken2019survey,
  title={A Survey on Distributed Machine Learning},
  author={Verbraeken, Joost and Wolting, Matthijs and Katzy, Jonathan and Kloppenburg, Jeroen and Verbelen, Tim and Rellermeyer, Jan S},
  journal={arXiv preprint arXiv:1912.09789},
  year={2019}
}
@inproceedings{abadi2016tensorflow,
  title={Tensorflow: A system for large-scale machine learning},
  author={Abadi, Mart{\'\i}n and Barham, Paul and Chen, Jianmin and Chen, Zhifeng and Davis, Andy and Dean, Jeffrey and Devin, Matthieu and Ghemawat, Sanjay and Irving, Geoffrey and Isard, Michael and others},
  booktitle={12th $\{$USENIX$\}$ Symposium on Operating Systems Design and Implementation ($\{$OSDI$\}$ 16)},
  pages={265--283},
  year={2016}
}
@article{abadi2015tensorflow,
  title={Tensorflow: Large-scale machine learning on heterogeneous distributed systems},
  author={Abadi, Mart{\'\i}n and Agarwal, Ashish and Barham, Paul and Brevdo, Eugene and Chen, Zhifeng and Citro, Craig and Corrado, Greg S and Davis, Andy and Dean, Jeffrey and Devin, Matthieu and others},
  journal={arXiv preprint arXiv:1603.04467},
  year={2016}
}
@article{sergeev2018horovod,
  title={Horovod: fast and easy distributed deep learning in TensorFlow},
  author={Sergeev, Alexander and Del Balso, Mike},
  journal={arXiv preprint arXiv:1802.05799},
  year={2018}
}
@misc{gibiansky2017allreduce,
  title = {{Baidu: Ring Allreduce}},
  author = {Baidu Research},
  howpublished = "\url{http://andrew.gibiansky.com/}",
  year={2017}
}
@article{bottou2018optimization,
  title={Optimization methods for large-scale machine learning},
  author={Bottou, L{\'e}on and Curtis, Frank E and Nocedal, Jorge},
  journal={Siam Review},
  volume={60},
  number={2},
  pages={223--311},
  year={2018},
  publisher={SIAM}
}
@article{moritz2015sparknet,
  title={Sparknet: Training deep networks in spark},
  author={Moritz, Philipp and Nishihara, Robert and Stoica, Ion and Jordan, Michael I},
  journal={arXiv preprint arXiv:1511.06051},
  year={2015}
}
@inproceedings{li2014scaling,
  title={Scaling distributed machine learning with the parameter server},
  author={Li, Mu and Andersen, David G and Park, Jun Woo and Smola, Alexander J and Ahmed, Amr and Josifovski, Vanja and Long, James and Shekita, Eugene J and Su, Bor-Yiing},
  booktitle={11th $\{$USENIX$\}$ Symposium on Operating Systems Design and Implementation ($\{$OSDI$\}$ 14)},
  pages={583--598},
  year={2014}
}
@inproceedings{bottou2008tradeoffs,
  title={The tradeoffs of large scale learning},
  author={Bottou, L{\'e}on and Bousquet, Olivier},
  booktitle={Advances in neural information processing systems},
  pages={161--168},
  year={2008}
}
@incollection{bottou2010large,
  title={Large-scale machine learning with stochastic gradient descent},
  author={Bottou, L{\'e}on},
  booktitle={Proceedings of COMPSTAT'2010},
  pages={177--186},
  year={2010},
  publisher={Springer}
}
@article{hazan2016introduction,
  title={Introduction to online convex optimization},
  author={Hazan, Elad and others},
  journal={Foundations and Trends{\textregistered} in Optimization},
  volume={2},
  number={3-4},
  pages={157--325},
  year={2016},
  publisher={Now Publishers, Inc.}
}