@article{ghemawat2003google,
  title={The Google file system},
  author={Ghemawat, Sanjay and Gobioff, Howard and Leung, Shun-Tak},
  year={2003}
}
@inproceedings{shvachko2010hadoop,
  title={The hadoop distributed file system.},
  author={Shvachko, Konstantin and Kuang, Hairong and Radia, Sanjay and Chansler, Robert and others},
  booktitle={MSST},
  volume={10},
  pages={1--10},
  year={2010}
}
@article{dean2008mapreduce,
  title={MapReduce: simplified data processing on large clusters},
  author={Dean, Jeffrey and Ghemawat, Sanjay},
  journal={Communications of the ACM},
  volume={51},
  number={1},
  pages={107--113},
  year={2008},
  publisher={ACM}
}
@book{white2012hadoop,
  title={Hadoop: The definitive guide},
  author={White, Tom},
  year={2012},
  publisher={" O'Reilly Media, Inc."}
}
@article{thusoo2009hive,
  title={Hive: a warehousing solution over a map-reduce framework},
  author={Thusoo, Ashish and Sarma, Joydeep Sen and Jain, Namit and Shao, Zheng and Chakka, Prasad and Anthony, Suresh and Liu, Hao and Wyckoff, Pete and Murthy, Raghotham},
  journal={Proceedings of the VLDB Endowment},
  volume={2},
  number={2},
  pages={1626--1629},
  year={2009},
  publisher={VLDB Endowment}
}
@article{lin2010data,
  title={Data-intensive text processing with MapReduce},
  author={Lin, Jimmy and Dyer, Chris},
  journal={Synthesis Lectures on Human Language Technologies},
  volume={3},
  number={1},
  pages={1--177},
  year={2010},
  publisher={Morgan \& Claypool Publishers}
}
@article{lin2013mapreduce,
  title={Mapreduce is good enough? if all you have is a hammer, throw away everything that's not a nail!},
  author={Lin, Jimmy},
  journal={Big Data},
  volume={1},
  number={1},
  pages={28--37},
  year={2013},
  publisher={Mary Ann Liebert, Inc. 140 Huguenot Street, 3rd Floor New Rochelle, NY 10801 USA}
}
@inproceedings{chu2007map,
  title={Map-reduce for machine learning on multicore},
  author={Chu, Cheng-Tao and Kim, Sang K and Lin, Yi-An and Yu, YuanYuan and Bradski, Gary and Olukotun, Kunle and Ng, Andrew Y},
  booktitle={Advances in neural information processing systems},
  pages={281--288},
  year={2007}
}