@inproceedings{armbrust2015spark,
  title={Spark sql: Relational data processing in spark},
  author={Armbrust, Michael and Xin, Reynold S and Lian, Cheng and Huai, Yin and Liu, Davies and Bradley, Joseph K and Meng, Xiangrui and Kaftan, Tomer and Franklin, Michael J and Ghodsi, Ali and others},
  booktitle={Proceedings of the 2015 ACM SIGMOD international conference on management of data},
  pages={1383--1394},
  year={2015}
}
@book{karau2017high,
  title={High performance Spark: best practices for scaling and optimizing Apache Spark},
  author={Karau, Holden and Warren, Rachel},
  year={2017},
  publisher={" O'Reilly Media, Inc."}
}
@inproceedings{xin2013shark,
  title={Shark: SQL and rich analytics at scale},
  author={Xin, Reynold S and Rosen, Josh and Zaharia, Matei and Franklin, Michael J and Shenker, Scott and Stoica, Ion},
  booktitle={Proceedings of the 2013 ACM SIGMOD International Conference on Management of data},
  pages={13--24},
  year={2013}
}
@inproceedings{pavlo2009comparison,
  title={A comparison of approaches to large-scale data analysis},
  author={Pavlo, Andrew},
  booktitle={Proceedings of the 2009 ACM SIGMOD international conference on management of data},
  pages={165--178},
  year={2009}
}
@inproceedings{kornacker2015impala,
  title={Impala: A Modern, Open-Source SQL Engine for Hadoop.},
  author={Kornacker, Marcel and Behm, Alexander and Bittorf, Victor and Bobrovytsky, Taras and Ching, Casey and Choi, Alan and Erickson, Justin and Grund, Martin and Hecht, Daniel and Jacobs, Matthew and others},
  booktitle={Cidr},
  volume={1},
  pages={9},
  year={2015}
}