@inproceedings{rendle2010factorization,
  title={Factorization machines},
  author={Rendle, Steffen},
  booktitle={2010 IEEE International Conference on Data Mining},
  pages={995--1000},
  year={2010},
  organization={IEEE}
}
@article{rendle2012factorization,
  title={Factorization machines with libfm},
  author={Rendle, Steffen},
  journal={ACM Transactions on Intelligent Systems and Technology (TIST)},
  volume={3},
  number={3},
  pages={1--22},
  year={2012},
  publisher={ACM New York, NY, USA}
}
@inproceedings{juan2016field,
  title={Field-aware factorization machines for CTR prediction},
  author={Juan, Yuchin and Zhuang, Yong and Chin, Wei-Sheng and Lin, Chih-Jen},
  booktitle={Proceedings of the 10th ACM Conference on Recommender Systems},
  pages={43--50},
  year={2016},
  organization={ACM}
}
@inproceedings{shan2016deep,
  title={Deep crossing: Web-scale modeling without manually crafted combinatorial features},
  author={Shan, Ying and Hoens, T Ryan and Jiao, Jian and Wang, Haijing and Yu, Dong and Mao, JC},
  booktitle={Proceedings of the 22nd ACM SIGKDD international conference on knowledge discovery and data mining},
  pages={255--262},
  year={2016},
  organization={ACM}
}
@inproceedings{wang2017deep,
  title={Deep \& cross network for ad click predictions},
  author={Wang, Ruoxi and Fu, Bin and Fu, Gang and Wang, Mingliang},
  booktitle={Proceedings of the ADKDD'17},
  pages={12},
  year={2017},
  organization={ACM}
}
@inproceedings{juan2017field,
  title={Field-aware factorization machines in a real-world online advertising system},
  author={Juan, Yuchin and Lefortier, Damien and Chapelle, Olivier},
  booktitle={Proceedings of the 26th International Conference on World Wide Web Companion},
  pages={680--688},
  year={2017},
  organization={International World Wide Web Conferences Steering Committee}
}
@article{guo2017deepfm,
  title={DeepFM: a factorization-machine based neural network for CTR prediction},
  author={Guo, Huifeng and Tang, Ruiming and Ye, Yunming and Li, Zhenguo and He, Xiuqiang},
  journal={arXiv preprint arXiv:1703.04247},
  year={2017}
}
@article{xiao2017attentional,
  title={Attentional factorization machines: Learning the weight of feature interactions via attention networks},
  author={Xiao, Jun and Ye, Hao and He, Xiangnan and Zhang, Hanwang and Wu, Fei and Chua, Tat-Seng},
  journal={arXiv preprint arXiv:1708.04617},
  year={2017}
}