@book{karau2017high,
  title={High performance Spark: best practices for scaling and optimizing Apache Spark},
  author={Karau, Holden and Warren, Rachel},
  year={2017},
  publisher={" O'Reilly Media, Inc."}
}
@article{zaharia2010spark,
  title={Spark: Cluster computing with working sets.},
  author={Zaharia, Matei and Chowdhury, Mosharaf and Franklin, Michael J and Shenker, Scott and Stoica, Ion},
  journal={HotCloud},
  volume={10},
  number={10-10},
  pages={95},
  year={2010}
}
@inproceedings{vavilapalli2013apache,
  title={Apache hadoop yarn: Yet another resource negotiator},
  author={Vavilapalli, Vinod Kumar and Murthy, Arun C and Douglas, Chris and Agarwal, Sharad and Konar, Mahadev and Evans, Robert and Graves, Thomas and Lowe, Jason and Shah, Hitesh and Seth, Siddharth and others},
  booktitle={Proceedings of the 4th annual Symposium on Cloud Computing},
  pages={1--16},
  year={2013}
}
@inproceedings{zaharia2012resilient,
  title={Resilient distributed datasets: A fault-tolerant abstraction for in-memory cluster computing},
  author={Zaharia, Matei and Chowdhury, Mosharaf and Das, Tathagata and Dave, Ankur and Ma, Justin and McCauly, Murphy and Franklin, Michael J and Shenker, Scott and Stoica, Ion},
  booktitle={Presented as part of the 9th $\{$USENIX$\}$ Symposium on Networked Systems Design and Implementation ($\{$NSDI$\}$ 12)},
  pages={15--28},
  year={2012}
}
@article{lin2013mapreduce,
  title={Mapreduce is good enough? if all you have is a hammer, throw away everything that's not a nail!},
  author={Lin, Jimmy},
  journal={Big Data},
  volume={1},
  number={1},
  pages={28--37},
  year={2013},
  publisher={Mary Ann Liebert, Inc. 140 Huguenot Street, 3rd Floor New Rochelle, NY 10801 USA}
}
@article{thusoo2009hive,
  title={Hive: a warehousing solution over a map-reduce framework},
  author={Thusoo, Ashish and Sarma, Joydeep Sen and Jain, Namit and Shao, Zheng and Chakka, Prasad and Anthony, Suresh and Liu, Hao and Wyckoff, Pete and Murthy, Raghotham},
  journal={Proceedings of the VLDB Endowment},
  volume={2},
  number={2},
  pages={1626--1629},
  year={2009},
  publisher={VLDB Endowment}
}
@article{gates2009building,
  title={Building a high-level dataflow system on top of Map-Reduce: the Pig experience},
  author={Gates, Alan F and Natkovich, Olga and Chopra, Shubham and Kamath, Pradeep and Narayanamurthy, Shravan M and Olston, Christopher and Reed, Benjamin and Srinivasan, Santhosh and Srivastava, Utkarsh},
  journal={Proceedings of the VLDB Endowment},
  volume={2},
  number={2},
  pages={1414--1425},
  year={2009},
  publisher={VLDB Endowment}
}
@misc{spark,
  title = {{Spark Overview}},
  howpublished = "\url{https://spark.apache.org/docs/latest/index.html}"
}
@techreport{page1999pagerank,
  title={The pagerank citation ranking: Bringing order to the web.},
  author={Page, Lawrence and Brin, Sergey and Motwani, Rajeev and Winograd, Terry},
  year={1999},
  institution={Stanford InfoLab}
}
@book{leskovec2019mining,
  title={Mining of massive data sets},
  author={Leskovec, Jure and Rajaraman, Anand and Ullman, Jeffrey David},
  year={2019},
  publisher={Cambridge university press}
}
@book{hastie2009elements,
  title={The elements of statistical learning: data mining, inference, and prediction},
  author={Hastie, Trevor and Tibshirani, Robert and Friedman, Jerome},
  year={2009},
  publisher={Springer Science \& Business Media}
}